@Book{manivel,
  author = 	 {Laurent Manivel},
  title = 	 {Symmetric Functions, {S}chubert Polynomials and Degeneracy Loci},
  publisher = 	 {AMS/SMF},
  year = 	 {1998}
}
@book{rtcv,
  author =       {Amritanshu Prasad},
  title =        {Representation Theory: A Combinatorial Viewpoint},
  publisher =    {Cambridge University Press},
  year =         {2015}
}

